@misc{ wiki:python,
   author = "Wikipedia",
   title = "Python (programming language) --- Wikipedia{,} The Free Encyclopedia",
   year = "2015",
   url = "\url{http://en.wikipedia.org/w/index.php?title=Python_(programming_language)&oldid=662411962}",
   note = "[Online; accessed 15-May-2015]"
 }

@misc{ wiki:javascript,
  author = "Wikipedia",
  title = "JavaScript --- Wikipedia{,} The Free Encyclopedia",
  year = "2015",
  url = "\url{http://en.wikipedia.org/w/index.php?title=JavaScript&oldid=662334631}",
  note = "[Online; accessed 15-May-2015]"
}

@misc{ wiki:duck,
   author = "Wikipedia",
   title = "Duck typing --- Wikipedia{,} The Free Encyclopedia",
   year = "2015",
   url = "\url{http://en.wikipedia.org/w/index.php?title=Duck_typing&oldid=662156263}",
   note = "[Online; accessed 15-May-2015]"
 }

@misc{ python:constants,
   author = "Python Software Fundation",
   title = "Built-in Constants",
   year = "2015",
   url = "\url{https://docs.python.org/3.5/library/constants.html}",
   note = "[Online; accessed 15-May-2015]"
 }

 @misc{ python:metaclasses,
   author = "Ionel Cristian",
   title = "Understanding Python metaclasses",
   year = "2015",
   url = "\url{http://blog.ionelmc.ro/2015/02/09/understanding-python-metaclasses/}",
   note = "[Online; accessed 15-May-2015]"
 }


 @misc{ python:first-class,
   author = "Guido van Rossum",
   title = "First-class Everything",
   year = "2015",
   url = "\url{http://python-history.blogspot.in/2009/02/first-class-everything.html}",
   note = "[Online; accessed 15-May-2015]"
 }




@misc{ js:getOwnPropertyNames,
    author       = "Mozilla Developer Network",
    title        = "Object.getOwnPropertyNames()",
    year         = "2015",
    howpublished = "\url{https://developer.mozilla.org/en-US/docs/Web/JavaScript/Reference/Global_Objects/Object/getOwnPropertyNames}",
    note         = "[Online; accessed 15-May-2015]"
}


@misc{ js:prototypeChain,
    author       = "Mozilla Developer Network",
    title        = "Details of the object model",
    year         = "2015",
    howpublished = "\url{https://developer.mozilla.org/en-US/docs/Web/JavaScript/Guide/Details_of_the_Object_Model}",
    note         = "[Online; accessed 15-May-2015]"
}
